<?xml version="1.0" encoding="UTF-8"?><collection xmlns="http://www.loc.gov/MARC21/slim"><record><leader>00442nam--2200157-i-4500</leader><controlfield tag="001">000003664</controlfield><controlfield tag="002">20161230</controlfield><controlfield tag="005">20170104000319</controlfield><controlfield tag="008">060222s1000------------r-----000-0-eng-d</controlfield><datafield ind1=" " ind2=" " tag="100"><subfield code="a">Calvin, Melvin</subfield></datafield><datafield ind1=" " ind2=" " tag="245"><subfield code="a">Isotopoc carbon. Technique in its measurement and chemical manipulation</subfield></datafield><datafield ind1=" " ind2=" " tag="260"><subfield code="a">New York</subfield><subfield code="b">John Wiley &amp; Sons</subfield><subfield code="c">1949</subfield></datafield><datafield ind1=" " ind2=" " tag="300"><subfield code="a">XIV+376 p.Cu Figuri</subfield></datafield><datafield ind1=" " ind2=" " tag="700"><subfield code="a">Reid, James C</subfield></datafield><datafield ind1=" " ind2=" " tag="852"><subfield code="a">942</subfield></datafield><datafield ind1=" " ind2=" " tag="CAT"><subfield code="a">SYS</subfield><subfield code="c">20170104</subfield><subfield code="h">000319</subfield></datafield></record></collection>